<record><leader>00000cas a22000007a 4500</leader><controlfield tag="001">26408484</controlfield><controlfield tag="008">920817d18uu190uncuwr ne      0    0eng d</controlfield><datafield ind1=" " ind2=" " tag="010"><subfield code="a">sn 92073162 </subfield></datafield><datafield ind1=" " ind2=" " tag="040"><subfield code="a">NVJ</subfield><subfield code="b">eng</subfield><subfield code="c">NVJ</subfield><subfield code="d">OCLCQ</subfield></datafield><datafield ind1=" " ind2=" " tag="042"><subfield code="a">msc</subfield></datafield><datafield ind1="0" ind2=" " tag="130"><subfield code="a">Gazette-messenger (Washington, N.C. : Weekly)</subfield></datafield><datafield ind1="1" ind2="4" tag="245"><subfield code="a">The gazette-messenger.</subfield></datafield><datafield ind1="1" ind2="3" tag="246"><subfield code="a">Weekly gazette-messenger</subfield></datafield><datafield ind1=" " ind2=" " tag="260"><subfield code="a">Washington, Beaufort County, N.C. :</subfield><subfield code="b">J.A. Arthur, Jr.</subfield></datafield><datafield ind1=" " ind2=" " tag="300"><subfield code="a">v.</subfield></datafield><datafield ind1=" " ind2=" " tag="310"><subfield code="a">Weekly</subfield></datafield><datafield ind1=" " ind2=" " tag="580"><subfield code="a">Daily ed.: The Gazette-messenger (Washington, N.C. : Daily), &lt;1900-1902?&gt;.</subfield></datafield><datafield ind1=" " ind2=" " tag="588"><subfield code="a">Description based on: Vol. 23, no. 15 (Sept. 20, 1900).</subfield></datafield><datafield ind1=" " ind2=" " tag="752"><subfield code="a">United States</subfield><subfield code="b">North Carolina</subfield><subfield code="c">Beaufort</subfield><subfield code="d">Washington.</subfield></datafield><datafield ind1="1" ind2=" " tag="775"><subfield code="t">Gazette-messenger (Washington, N.C. : Daily)</subfield><subfield code="w">(DLC)sn 92073163</subfield></datafield><datafield ind1="0" ind2="0" tag="785"><subfield code="t">Gazette-messenger (Washington, N.C. : Semiweekly)</subfield></datafield></record>